@MISC{misc ,
author = {Name} ,
title = { title } ,
year = {2012} ,
timestamp = { 2020.02.02 } ,
}
